<?xml version="1.0" encoding="UTF-8"?><record xmlns="http://www.loc.gov/MARC21/slim" xmlns:cinclude="http://apache.org/cocoon/include/1.0" xmlns:zs="http://www.loc.gov/zing/srw/">
  <leader>00489nz  a2200133n  4500</leader>
  <controlfield tag="001">n  90693765 </controlfield>
  <controlfield tag="003">DLC</controlfield>
  <controlfield tag="005">19900915161904.8</controlfield>
  <controlfield tag="008">900915n| acannaab|          |a aaa |||  </controlfield>
  <datafield tag="010" ind1=" " ind2=" ">
    <subfield code="a">n  90693765 </subfield>
  </datafield>
  <datafield tag="040" ind1=" " ind2=" ">
    <subfield code="a">DLC</subfield>
    <subfield code="c">DLC</subfield>
  </datafield>
  <datafield tag="100" ind1="1" ind2="0">
    <subfield code="a">Foy, MartE,</subfield>
    <subfield code="d">1918-</subfield>
  </datafield>
  <datafield tag="400" ind1="1" ind2="0">
    <subfield code="a">Foy, Martha Ellen,</subfield>
    <subfield code="d">1918-</subfield>
  </datafield>
  <datafield tag="670" ind1=" " ind2=" ">
    <subfield code="a">Her The house on Front Street, c1990:</subfield>
    <subfield code="b">CIP t.p. (MartE Foy) t.p. verso (copr. Martha Ellen Foy) publr. info (b. 5-14-18; former sociology prof.; later dir., halfway house for women, San Diego)</subfield>
  </datafield>
</record>